<record><leader>00000cas a22000007a 4500</leader><controlfield tag="001">18056722</controlfield><controlfield tag="008">880608d19331933txuwr ne      0    0eng d</controlfield><datafield ind1=" " ind2=" " tag="010"><subfield code="a">sn 88083682 </subfield></datafield><datafield ind1=" " ind2=" " tag="040"><subfield code="a">PPM</subfield><subfield code="b">eng</subfield><subfield code="c">PPM</subfield><subfield code="d">OCLCQ</subfield></datafield><datafield ind1=" " ind2=" " tag="042"><subfield code="a">msc</subfield></datafield><datafield ind1="0" ind2="4" tag="245"><subfield code="a">The Pharr free press.</subfield></datafield><datafield ind1=" " ind2=" " tag="260"><subfield code="a">Pharr, Tex. :</subfield><subfield code="b">Ann Plath,</subfield><subfield code="c">1933-1933.</subfield></datafield><datafield ind1=" " ind2=" " tag="310"><subfield code="a">Weekly</subfield></datafield><datafield ind1="0" ind2=" " tag="362"><subfield code="a">Vol. 1, no. 1 (Feb. 16, 1933)-v. 1, no. 32 (Sept. 22, 1933).</subfield></datafield><datafield ind1=" " ind2=" " tag="752"><subfield code="a">United States</subfield><subfield code="b">Texas</subfield><subfield code="c">Hidalgo</subfield><subfield code="d">Pharr.</subfield></datafield><datafield ind1="0" ind2="0" tag="785"><subfield code="t">Valley free press</subfield></datafield></record>